@article{zouwenwen,
  	title           = {新冠肺炎图像分类的深度学习方法及可解释性},
  	author          = {邹文文 and 张海波 and 郭文平},
  	journal         = {福建电脑},
  	volume          = {37},
	pages			= {65-67},
 	year            = {2021}
}

@article{tianbin,
  	title           = {基于机器学习的多种分类模型在新型冠状病毒肺炎与社区获得性肺炎鉴别诊断中的效能},
  	author          = {田斌 and 余晖 and 任基刚 and 汪汉林 and 徐井旭 and 黄陈翠},
  	journal         = {放射学实践},
  	volume          = {36},
	pages			= {590-595},
 	year            = {2021}
}

@article{xucuilian,
  	title           = {深度学习结合影像组学的胸部CT新冠肺炎智能诊断模型研究},
  	author          = {徐翠莲 and 印宏坤 and 伋立荣 and 蔡武 and 张伟 and 范国华},
  	journal         = {罕少疾病杂志},
  	volume          = {28},
	pages			= {16-20},
 	year            = {2021}
}

@article{gexiaowei,
  	title           = {基于机器学习的新冠肺炎与流感快速鉴别方法的研究},
  	author          = {葛晓伟 and 梁盼 and 马晓旭 and 程铭},
  	journal         = {中国数字医学},
  	volume          = {15},
	pages			= {21-23+52},
 	year            = {2020}
}
